@article{greenwade93,
    author  = "Victor LASSERRE & Valentin SERVIERES",
    title   = "Engin Pas Tangible",
    year    = "2023",
    journal = "TUGBoat",
    volume  = "14",
    number  = "3",
    pages   = "342--351"
}
